@misc{Strafelda,
    author      = {Strafelda},
    title       = {Typografie},
    howpublished= {[online]},
    url         = {https://www.strafelda.cz/typografie},
    urldate     = {2024-04-14},
}
@book{GressEdmundG1917,
    author     = {Gress, Edmund G.},
    title      = {The Art \& Practice of Typography},
    year       = {1917},
    chapter    = {WHEN BOOKS WERE WRITTEN},
    publisher  = {Oswald Pub. Co.},
    address    = {New York},
}
@article{inproceedings,
    author    = {Loverdos, Christos and Syropoulos, Apostolos},
    title     = {Digital Typography in the New Millennium: Flexible Documents by a Flexible Engine},
    year      = {2004},
    month     = {01},
    pages     = {1-16},
    volume    = {3130},
    isbn      = {978-3-540-22801-1},
}
@article{FriesenPat2010TPoT,
    author     = {Friesen, Pat},
    title      = {The Power of Typography},
    journal    = {Target Marketing},
    year       = {2010},
    volume     = {33},
    number     = {5},
    pages      = {17},
    publisher  = {Adweek LLC},
    address    = {Philadelphia},
    issn       = {0889-5333},
    keywords   = {Copy ; Design ; Guidelines ; Layouts ; Marketing ; Readability ; Selection ; Type fonts ; Typography},
    copyright  = {Copyright North American Publishing Company May 2010},
}
@article{RichTim2003Wtbt,
    author     = {Rich, Tim},
    title      = {When to break the rules},
    journal    = {Design Week},
    year       = {2003},
    volume     = {18},
    number     = {2},
    pages      = {12--12},
    publisher  = {Centaur Media USA Inc. (A member of Centaur Plc Group)},
    address    = {London},
    issn       = {0950-3676},
    abstract   = {Tim Rich lays the blame for breaking the rules of typography at the door of graduates, and refers to two publications which follow the rules of good typography: 'About Face' by David Jury (RotoVision), and 'Banging your Head against a Brick Wall', by graffiti artist Banksy.},
    keywords   = {Design ; Designers ; Typography},
    copyright  = {Copyright (c) 2003. Centaur Communications Limited. Reproduced with permission of the copyright owner. Further reproduction or distribution is prohibited without permission.},
}
@mastersthesis{Jirasek2016thesis,
	AUTHOR = "Jirásek, Matěj Kašpar",
	TITLE = "Možnosti a limity webové typografie",
	YEAR = "2016 [cit. 2024-04-15]",
	TYPE = "Bakalářská práce", 
	SCHOOL = "Masarykova univerzita, Fakulta informatikyBrno",
}
@mastersthesis{Nova2018,
  author       = {Nová, Lucie},
  title        = {Volná typografická kompozice},
  year         = {2018 [cit. 2024-04-13]},
  school       = {Západočeská univerzita v Plzni, Fakulta pedagogická, Katedra výtvarné výchovy a kultury},
  type         = {Bakalářská práce},
}
@book{SyropoulosApostolos2004TXaD,
  series       = {Lecture Notes in Computer Science},
  issn         = {0302-9743},
  volume       = {3130},
  publisher    = {Springer Berlin Heidelberg},
  isbn         = {3662189631},
  year         = {2004},
  title        = {TeX, XML, and Digital Typography: International Conference on TeX, XML, and Digital Typography, Held Jointly with the 25th Annual Meeting of the TeX Users Group, TUG 2004, Xanthi, Greece, August 30 - September 3, 2004. Proceedings},
  copyright    = {Springer-Verlag Berlin Heidelberg 2004},
  address      = {Berlin, Heidelberg},
  author       = {Syropoulos, Apostolos and Berry, Karl and Haralambous, Yannis and Hughes, Baden and Peter, Steven and Plaice, John},
}
@misc{StudijniOporaTypografie2012,
  author        = {Matýsová, Tereza},
  title         = {Studijní opora typografie},
  year          = {2012},
  howpublished  = {Online},
  url           = {https://is.muni.cz/el/1421/jaro2012/KPI22/um/um/28316518/studijni-opora-typografie_2012.pdf},
  organization  = {Masarykova univerzita, Filozofická fakulta},
  note          = {Typografie odborného textu},
}
@misc{FinkoTypografieWebdesign,
  title = {Trendy typografie v webdesignu},
  author = {{Finko.cz}},
  note = {První odstavec},
  url = {https://www.finko.cz/trendy-typografie-v-webdesignu/},
}