@misc{wikisofia-datove-struktury,
  author       = {Wikisofia},
  title        = {Datov√© struktury},
  year         = {2013},
  url          = {https://wikisofia.cz/wiki/Datov%C3%A9_struktury},
  urldate      = {2024-05-01}, 
  issn         = {ISSN: 2336-5897}
}
@misc{henriksson_stack_history,
  author    = {Henriksson, Sten},
  title     = {A Brief History of the Stack},
  url       = {https://www.sigcis.org/files/A%20brief%20history.pdf},
  urldate   = {2024-05-02},
}
@misc{duplessis2023,
  author = {Duplessis, J. D. P.},
  title = {Data Structure Stories: Stacks and Queues},
  year = {2023},
  url = {https://medium.com/@duplessisjdp96/data-structure-stories-stacks-and-queues-1826a7e92026},
  urldate = {2024-05-02}
}
@misc{shukla_stack,
  author = {Shukla, Saurabh},
  title = {Why Stack is Important to Learn},
  year = {2023},
  organization = {LinkedIn},
  note = {\href{https://www.linkedin.com/pulse/why-stack-data-structure-important-learn-saurabh-shukla-5icvf}{Available at LinkedIn}},
  urldate = {2024-05-02}
}